[gd_scene load_steps=12 format=2]

[ext_resource path="res://scripts/game.gd" type="Script" id=1]
[ext_resource path="res://scripts/camera.gd" type="Script" id=2]
[ext_resource path="res://addons/debug_information/debug_information.gd" type="Script" id=3]
[ext_resource path="res://scripts/conveyor_picker.gd" type="Script" id=4]
[ext_resource path="res://ground.gd" type="Script" id=5]
[ext_resource path="res://icons/stop.svg" type="Texture" id=6]
[ext_resource path="res://icons/play.svg" type="Texture" id=7]
[ext_resource path="res://icons/step.svg" type="Texture" id=8]
[ext_resource path="res://gui/themes/editor_theme.tres" type="Theme" id=10]

[sub_resource type="CubeMesh" id=1]
size = Vector3( 0.3, 0.3, 0.3 )

[sub_resource type="MultiMesh" id=2]
transform_format = 1
mesh = SubResource( 1 )

[node name="World" type="Spatial"]
script = ExtResource( 1 )

[node name="Camera" type="Camera" parent="."]
transform = Transform( 1, 0, 0, 0, 0.422618, 0.906308, 0, -0.906308, 0.422618, 0, 2, 2 )
current = true
script = ExtResource( 2 )

[node name="DirectionalLight" type="DirectionalLight" parent="."]
transform = Transform( 0.866026, -0.469846, 0.17101, 0, 0.34202, 0.939693, -0.5, -0.813798, 0.296198, 0, 5.38318, 0 )
shadow_enabled = true

[node name="BoxMultiMesh" type="MultiMeshInstance" parent="."]
multimesh = SubResource( 2 )

[node name="VBoxContainer" type="VBoxContainer" parent="."]
anchor_right = 1.0
anchor_bottom = 1.0
margin_left = -0.33371
margin_right = -0.33374
mouse_filter = 2
custom_constants/separation = 0
__meta__ = {
"_edit_use_anchors_": false
}

[node name="MenuBar" type="PanelContainer" parent="VBoxContainer"]
margin_right = 1024.0
margin_bottom = 40.0
theme = ExtResource( 10 )
__meta__ = {
"_edit_use_anchors_": false
}

[node name="HBoxContainer" type="HBoxContainer" parent="VBoxContainer/MenuBar"]
margin_right = 1024.0
margin_bottom = 40.0
__meta__ = {
"_edit_use_anchors_": false
}

[node name="File" type="MenuButton" parent="VBoxContainer/MenuBar/HBoxContainer"]
margin_right = 35.0
margin_bottom = 40.0
theme = ExtResource( 10 )
text = "File"
items = [ "New", null, 0, false, false, 0, 0, null, "", false, "Open test...", null, 0, false, false, 1, 0, null, "", false, "Save test...", null, 0, false, false, 2, 0, null, "", false, "Save default", null, 0, false, false, 3, 0, null, "", false, "Load default", null, 0, false, false, 4, 0, null, "", false ]
switch_on_hover = true
__meta__ = {
"_edit_use_anchors_": false
}

[node name="Debug" type="MenuButton" parent="VBoxContainer/MenuBar/HBoxContainer"]
margin_left = 39.0
margin_right = 92.0
margin_bottom = 40.0
theme = ExtResource( 10 )
text = "Debug"
items = [ "Conveyor", null, 1, false, false, 0, 0, null, "", false, "Cargo", null, 1, false, false, 1, 0, null, "", false, "Routes", null, 1, false, false, 2, 0, null, "", false, "Tiles", null, 1, false, false, 3, 0, null, "", false ]
switch_on_hover = true
__meta__ = {
"_edit_use_anchors_": false
}

[node name="VSeparator" type="VSeparator" parent="VBoxContainer/MenuBar/HBoxContainer"]
margin_left = 96.0
margin_right = 100.0
margin_bottom = 40.0

[node name="Editor" type="CheckButton" parent="VBoxContainer/MenuBar/HBoxContainer"]
margin_left = 104.0
margin_right = 221.0
margin_bottom = 40.0
theme = ExtResource( 10 )
text = "Editor"

[node name="VSeparator2" type="VSeparator" parent="VBoxContainer/MenuBar/HBoxContainer"]
margin_left = 225.0
margin_right = 229.0
margin_bottom = 40.0

[node name="TimeControls" type="HBoxContainer" parent="VBoxContainer/MenuBar/HBoxContainer"]
margin_left = 233.0
margin_top = 8.0
margin_right = 331.0
margin_bottom = 32.0
mouse_filter = 2
size_flags_vertical = 4

[node name="Stop" type="Button" parent="VBoxContainer/MenuBar/HBoxContainer/TimeControls"]
margin_right = 30.0
margin_bottom = 24.0
icon = ExtResource( 6 )

[node name="Start" type="Button" parent="VBoxContainer/MenuBar/HBoxContainer/TimeControls"]
margin_left = 34.0
margin_right = 64.0
margin_bottom = 24.0
icon = ExtResource( 7 )

[node name="Step" type="Button" parent="VBoxContainer/MenuBar/HBoxContainer/TimeControls"]
margin_left = 68.0
margin_right = 98.0
margin_bottom = 24.0
icon = ExtResource( 8 )

[node name="ConveyorPickerBackground" type="PanelContainer" parent="VBoxContainer"]
margin_top = 40.0
margin_right = 1024.0
margin_bottom = 40.0
theme = ExtResource( 10 )

[node name="ConveyorPicker" type="HBoxContainer" parent="VBoxContainer/ConveyorPickerBackground"]
margin_right = 1024.0
script = ExtResource( 4 )
__meta__ = {
"_edit_use_anchors_": false
}

[node name="Ground" type="MeshInstance" parent="."]
script = ExtResource( 5 )
bright_color = Color( 0.117647, 0.321569, 0.133333, 1 )
dark_color = Color( 0.1295, 0.35, 0.147875, 1 )

[node name="DebugInformation" type="VBoxContainer" parent="."]
margin_right = 40.0
margin_bottom = 40.0
mouse_filter = 2
script = ExtResource( 3 )
__meta__ = {
"_edit_use_anchors_": false
}

[node name="SpawnControls" type="Control" parent="."]
visible = false
margin_right = 40.0
margin_bottom = 40.0
__meta__ = {
"_edit_use_anchors_": false
}

[node name="Stop" type="Button" parent="SpawnControls"]
margin_right = 30.0
margin_bottom = 24.0
icon = ExtResource( 6 )
__meta__ = {
"_edit_use_anchors_": false
}

[node name="Start" type="Button" parent="SpawnControls"]
margin_right = 30.0
margin_bottom = 24.0
icon = ExtResource( 7 )
__meta__ = {
"_edit_use_anchors_": false
}
[connection signal="pressed" from="VBoxContainer/MenuBar/HBoxContainer/TimeControls/Stop" to="." method="_on_Stop_pressed"]
[connection signal="pressed" from="VBoxContainer/MenuBar/HBoxContainer/TimeControls/Start" to="." method="_on_Start_pressed"]
[connection signal="pressed" from="VBoxContainer/MenuBar/HBoxContainer/TimeControls/Step" to="." method="_on_Step_pressed"]
